@book{ivanov2019,
  author    = {Иванов, И. И. and Петров, П. П.},
  title     = {Основы машинного обучения},
  year      = {2019},
  publisher = {Наука},
  address   = {Москва}
}

@article{smith2020,
  author  = {Smith, J. and Johnson, A.},
  title   = {Deep Learning Approaches for Data Classification},
  journal = {Journal of Machine Learning},
  volume  = {34},
  number  = {4},
  pages   = {227--246},
  year    = {2020}
}

@misc{gost2004,
  title = {ГОСТ 7.11-2004. Библиографическая запись},
  year  = {2004},
  note  = {М.: Издательство, 2004}
}
